@book{AIMA2013,
  author    = {Stuart J. Russell and
               Peter Norvig},
  title     = {Artificial Intelligence - {A} Modern Approach {(3.} internat. ed.)},
  year      = {2010},
  publisher = {Pearson Education},
  isbn      = {978-0-13-207148-2},
  timestamp = {Sun, 28 Sep 2014 02:38:17 +0200},
  biburl    = {http://dblp.uni-trier.de/rec/bib/books/daglib/0023820},
  bibsource = {dblp computer science bibliography, http://dblp.org}
}

@book{Ghallab:2004,
 author = {Nau, Dana and Ghallab, Malik and Traverso, Paolo},
 title = {Automated Planning: Theory \& Practice},
 year = {2004},
 isbn = {1558608567},
 publisher = {Morgan Kaufmann Publishers Inc.},
 address = {San Francisco, CA, USA},
} 
